<?xml version="1.0" encoding="UTF-8"?><collection xmlns="http://www.loc.gov/MARC21/slim"><record><leader>00595nam--2200133-i-4500</leader><controlfield tag="001">000012754</controlfield><controlfield tag="002">20161230</controlfield><controlfield tag="005">20161230201029</controlfield><controlfield tag="008">060222s1000------------r-----000-0-eng-d</controlfield><datafield ind1=" " ind2=" " tag="080"><subfield code="a">546.11.02.3:628.39:502.55(061.3)</subfield></datafield><datafield ind1=" " ind2=" " tag="245"><subfield code="a">Behaviour tritium in the environment. proceedi ngs of the international symposium on the beha viour of tritium in the environment jointly or ganized by the international atomic energy age ncy and the oecd nuclear energy agency and hel d in san francisc</subfield></datafield><datafield ind1=" " ind2=" " tag="260"><subfield code="a">Vienna, International Atomic Energy Agency, 1979 711 P</subfield></datafield><datafield ind1=" " ind2=" " tag="490"><subfield code="a">Proceedings Series</subfield></datafield><datafield ind1=" " ind2=" " tag="852"><subfield code="a">46297</subfield></datafield></record></collection>